@article{he2021masked,
  title={Masked autoencoders are scalable vision learners},
  author={He, Kaiming and Chen, Xinlei and Xie, Saining and Li, Yanghao and Doll{\'a}r, Piotr and Girshick, Ross},
  journal={arXiv preprint arXiv:2111.06377},
  year={2021}
}

@article{xie2021simmim,
  title={SimMIM: A simple framework for masked image modeling},
  author={Xie, Zhenda and Zhang, Zheng and Cao, Yue and Lin, Yutong and Bao, Jianmin and Guo, Zhuliang and Wei, Weicai and Hu, Han},
  booktitle={Proceedings of the IEEE/CVF Conference on Computer Vision and Pattern Recognition},
  pages={15233--15242},
  year={2022}
}

@article{lyons2022masked,
  title={Masked vision-language transformers for scene text recognition},
  author={Lyons, Kevin and Nawhal, Gautam and Baevski, Alexei and Conn, Alex and Titov, Ivan},
  journal={arXiv preprint arXiv:2202.13120},
  year={2022}
}

@article{song2019masked,
  title={Masked Sequence to Sequence Pre-training for Neural Machine Translation},
  author={Song, Kaitao and Tan, Xu and Qin, Tao and Lu, Jianfeng and Liu, Tie-Yan},
  journal={arXiv preprint arXiv:1905.07450},
  year={2019}
}
